@inproceedings{Bafghi2023,
  author    = {Yeganeh Haghpanah Bafghi and
               Sina Mohseni and
               Mohammad H. Rohban and
               Ali Jahanian and
               Richard Zemel and
               Yong Jae Lee},
  title     = {VizWiz-Classification: Boosting Accessibility for Blind Users via
               Image Classification},
  booktitle = {Proceedings of the IEEE/CVF Conference on Computer Vision and Pattern Recognition, {CVPR} 2023, Vancouver, BC, Canada, June 17-24, 2023},
  pages     = {19866--19876},
  year      = {2023},
  doi       = {10.1109/CVPR52729.2023.01922},
  url       = {https://openaccess.thecvf.com/content/CVPR2023/html/Bafghi_VizWiz-Classification_Boosting_Accessibility_for_Blind_Users_via_Image_Classification_CVPR_2023_paper.html}
}

@inproceedings{AlexNet,
  author    = {Alex Krizhevsky and
               Ilya Sutskever and
               Geoffrey E. Hinton},
  title     = {ImageNet Classification with Deep Convolutional Neural Networks},
  booktitle = {Advances in Neural Information Processing Systems 25: 26th Annual Conference on Neural Information Processing Systems 2012. Proceedings of a meeting held December 3-6, 2012, Lake Tahoe, Nevada, USA},
  pages     = {1097--1105},
  year      = {2012},
  url       = {https://proceedings.neurips.cc/paper/2012/file/c399862d3b9d6b76c8436e924a68c45b-Paper.pdf}
}

@article{VGG,
  author    = {Karen Simonyan and
               Andrew Zisserman},
  title     = {Very Deep Convolutional Networks for Large-Scale Image Recognition},
  journal   = {CoRR},
  volume    = {abs/1409.1556},
  year      = {2014},
  url       = {http://arxiv.org/abs/1409.1556}
}

@inproceedings{ViT,
  author    = {Alexey Dosovitskiy and
               Lucas Beyer and
               Neil Houlsby and
               Xiaohua Zhai and
               Vivek Kumar and
               Mostafa Dehghani and
               Alexander Kolesnikov and
               Dirk Weissenborn and
               Thomas Unterthiner and
               Mario Lucic and
               Andreas Steiner and
               Annette Mintun and
               Matthias Minderer and
               Michael Tschannen and
               Philipp Fischinger and
               Sylvain Boureau and
               Maximilian Jarski and
               Ruben Jaggi and
               Klaus Greff and
               Tim Salimans and
               David Dale and
               Jona Tobias Rodriques and
               Liang Lu and
               Jean{-}Baptiste Cordonnier and
               Urs Kölbig and
               Ewan Pont{-}Tuset and
               Hugo Touvron and
               Piotr Bojanowski and
               Christian Baier and
               Romain Beaumont and
               Arun Babu and
               Manuel Meier and
               Andrii Ukolov and
               Vincent Vanhoucke and
               Gal Chechik and
               Martin Klambauer and
               Zehao Chen and
               Steffen Schneider and
               Rohan Anil and
               Jernej Alayrac and
               Yuxin Hou and
               Laurent Lucchi and
               Anselm Roy and
               Thomas Keysers and
               Klaus Van Gool and
               Matthieu Marcu and
               Carl Doersch and
               Trevor Darrell and
               Bernhard Schölkopf and
               Alexander Toshev},
  title     = {An Image is Worth 16x16 Words: Transformers for Image Recognition
               at Scale},
  booktitle = {9th International Conference on Learning Representations, {ICLR} 2021, Virtual Event, Austria, May 3-7, 2021},
  year      = {2021},
  url       = {https://openreview.net/forum?id=YicbFdNTTy}
}

@article{CLIP,
  author    = {Alec Radford and
               Jong Wook Kim and
               Chris Hallacy and
               Aditya Ramesh and
               Gabriel Goh and
               Sandhini Agarwal and
               Girish Sastry and
               William Trogden and
               Joanne Jang and
               Ramesh Askool and
               Pamela Mishkin and
               Irene Blockinger and
               Jack Teoh and
               Stella Anna Kupyn and
               Eric Creager and
               Bryan Lee and
               Jamie Davidson and
               Sandro Padovani and
               Miriam Wojna and
               Prafulla Dhariwal and
               Christopher Hesse and
               Yann LeCun},
  title     = {Learning Transferable Visual Models From Natural Language Supervision},
  journal   = {CoRR},
  volume    = {abs/2103.00020},
  year      = {2021},
  url       = {https://arxiv.org/abs/2103.00020}
}

@article{ImageNet,
  author    = {Jia Deng and
               Wei Dong and
               Richard Socher and
               Li{-}Jia Li and
               Kai Li and
               Li Fei{-}Fei},
  title     = {ImageNet: A Large-Scale Hierarchical Image Database},
  booktitle = {2009 {IEEE} Conference on Computer Vision and Pattern Recognition,
               {CVPR} 2009, Miami, Florida, USA, June 20-25, 2009},
  pages     = {248--255},
  year      = {2009},
  doi       = {10.1109/CVPR.2009.5206848}
}

@article{ZSL1,
  author    = {Christoph H. Lampert and
               Hannes Nickisch and
               Stefan Harmeling},
  title     = {Learning to Detect Unseen Object Classes by Transferring Discriminative
               Object Parts},
  booktitle = {2009 {IEEE} Conference on Computer Vision and Pattern Recognition,
               {CVPR} 2009, Miami, Florida, USA, June 20-25, 2009},
  pages     = {2168--2175},
  year      = {2009},
  doi       = {10.1109/CVPR.2009.5206694}
}

@article{ZSL2,
  author    = {Richard Socher and
               Milind Ganjoo and
               Christopher D. Manning and
               Andrew Ng},
  title     = {Zero-Shot Learning Through Cross-Modal Transfer},
  booktitle = {Advances in Neural Information Processing Systems 26: 27th Annual Conference on Neural Information Processing Systems 2013. Proceedings of a meeting held December 5-10, 2013, Lake Tahoe, Nevada, USA},
  pages     = {2035--2043},
  year      = {2013},
  url       = {https://proceedings.neurips.cc/paper/2013/file/f6b2577a71dbd52065ca0efcd7a3d788-Paper.pdf}
}